@online{arXiv:1312.4400,
  author     = {Min Lin and Qiang Chen and Shuicheng Yan},
  title      = {Network In Network},
  year       = {2013},
  eprint     = {1312.4400},
  eprinttype = {arXiv}
}

@online{arXiv:1409.4842,
  author     = {Christian Szegedy and Wei Liu and Yangqing Jia and Pierre Sermanet and Scott Reed and Dragomir Anguelov and Dumitru Erhan and Vincent Vanhoucke and Andrew Rabinovich},
  title      = {Going Deeper with Convolutions},
  year       = {2014},
  eprint     = {1409.4842},
  eprinttype = {arXiv}
}

@online{arXiv:1512.03385,
  author     = {Kaiming He and Xiangyu Zhang and Shaoqing Ren and Jian Sun},
  title      = {Deep Residual Learning for Image Recognition},
  year       = {2015},
  eprint     = {1512.03385},
  eprinttype = {arXiv}
}
